@article{smith2020impact,
  author = {Smith, John and Doe, Jane and Johnson, David},
  title = {The Impact of Social Media on Political Discourse},
  journal = {Journal of Communication},
  volume = {70},
  number = {2},
  pages = {123--145},
  year = {2020},
  doi = {10.1111/jcom.12456}
}

@book{brown2018statistics,
  author = {Brown, Emily},
  title = {A Comprehensive Guide to Statistical Analysis},
  publisher = {Academic Press},
  year = {2018},
  isbn = {978-0-12-345678-9}
}

@inproceedings{lee2019machine,
  author = {Lee, Michael and Davis, Sarah},
  title = {Machine Learning for Natural Language Processing},
  booktitle = {Proceedings of the ACL Conference},
  year = {2019},
  pages = {456--478}
}

@misc{wilson2021climate,
  author = {Wilson, Robert},
  title = {The Latest Research on Climate Change},
  howpublished = {Online Report},
  year = {2021},
  url = {https://www.example.com/climatereport.pdf}
}

@article{garcia2022new,
  author = {Garcia, Maria and Rodriguez, Carlos},
  title = {New Developments in Quantum Computing},
  journal = {Physical Review Letters},
  volume = {128},
  number = {10},
  pages = {100501},
  year = {2022}
}